<?xml version="1.0" encoding="UTF-8"?><record xmlns="http://www.loc.gov/MARC21/slim" xmlns:cinclude="http://apache.org/cocoon/include/1.0" xmlns:zs="http://www.loc.gov/zing/srw/">
  <leader>01494cz  a2200313n  4500</leader>
  <controlfield tag="001">n  85218860 </controlfield>
  <controlfield tag="003">DLC</controlfield>
  <controlfield tag="005">20130109075736.0</controlfield>
  <controlfield tag="008">850731n| azannaabn          |a aaa      </controlfield>
  <datafield tag="010" ind1=" " ind2=" ">
    <subfield code="a">n  85218860 </subfield>
    <subfield code="z">no 97083776 </subfield>
    <subfield code="z">no 98029591 </subfield>
    <subfield code="z">n  89298728 </subfield>
  </datafield>
  <datafield tag="035" ind1=" " ind2=" ">
    <subfield code="a">(OCoLC)oca01388430</subfield>
  </datafield>
  <datafield tag="040" ind1=" " ind2=" ">
    <subfield code="a">DLC</subfield>
    <subfield code="b">eng</subfield>
    <subfield code="e">rda</subfield>
    <subfield code="c">DLC</subfield>
    <subfield code="d">DLC</subfield>
    <subfield code="d">UkOxU</subfield>
    <subfield code="d">DLC</subfield>
    <subfield code="d">ICU</subfield>
    <subfield code="d">IEN</subfield>
    <subfield code="d">DLC</subfield>
  </datafield>
  <datafield tag="046" ind1=" " ind2=" ">
    <subfield code="f">1926</subfield>
    <subfield code="g">2000</subfield>
  </datafield>
  <datafield tag="053" ind1=" " ind2="0">
    <subfield code="a">ML420.N95</subfield>
    <subfield code="c">Biography</subfield>
  </datafield>
  <datafield tag="100" ind1="0" ind2=" ">
    <subfield code="a">Nūr Jahān̲,</subfield>
    <subfield code="d">1926-2000</subfield>
  </datafield>
  <datafield tag="400" ind1="1" ind2=" ">
    <subfield code="a">Jahān̲, Nūr,</subfield>
    <subfield code="d">1926-2000</subfield>
  </datafield>
  <datafield tag="400" ind1="1" ind2=" ">
    <subfield code="a">Jehan, Noor,</subfield>
    <subfield code="d">1926-2000</subfield>
  </datafield>
  <datafield tag="400" ind1="0" ind2=" ">
    <subfield code="a">Noor Jehan,</subfield>
    <subfield code="d">1926-2000</subfield>
  </datafield>
  <datafield tag="400" ind1="0" ind2=" ">
    <subfield code="a">Noorjehan,</subfield>
    <subfield code="d">1926-2000</subfield>
  </datafield>
  <datafield tag="400" ind1="0" ind2=" ">
    <subfield code="a">Nūrajahām̐,</subfield>
    <subfield code="d">1926-2000</subfield>
  </datafield>
  <datafield tag="400" ind1="1" ind2=" ">
    <subfield code="a">Wasai, Allah,</subfield>
    <subfield code="d">1926-2000</subfield>
  </datafield>
  <datafield tag="670" ind1=" " ind2=" ">
    <subfield code="a">Anis, M.B.A. Mars̲iyah-yi shahādat-i Haz̤rat ʻAbbās ʻAlamdār [SR] 198-:</subfield>
    <subfield code="b">container insert (Nūr Jahān̲)</subfield>
  </datafield>
  <datafield tag="670" ind1=" " ind2=" ">
    <subfield code="a">Apney huay paraey, 2007:</subfield>
    <subfield code="b">insert (Noor Jehan, singer)</subfield>
  </datafield>
  <datafield tag="670" ind1=" " ind2=" ">
    <subfield code="a">LCCN 93-850637: Memories are made of these, p1978</subfield>
  </datafield>
  <datafield tag="670" ind1=" " ind2=" ">
    <subfield code="a">Wikipedia WWW, viewed Feb. 25, 2009</subfield>
    <subfield code="b">(Allah Wasai; honorific title, Mallika-e-Tarranum, Queen of Melody ; b. Sept. 21, 1926; d. Dec. 23, 2000)</subfield>
  </datafield>
  <datafield tag="670" ind1=" " ind2=" ">
    <subfield code="a">Nūrajahām̐ te Latā, 1993.</subfield>
  </datafield>
  <datafield tag="670" ind1=" " ind2=" ">
    <subfield code="a">Noor Jehan, melody queen, p2003:</subfield>
    <subfield code="b">disc (Noor Jehan)</subfield>
  </datafield>
  <datafield tag="670" ind1=" " ind2=" ">
    <subfield code="a">Ency. of Hindi cinema, 2003:</subfield>
    <subfield code="b">p. 598 (Noorjehan; accomplished singer and actress; popularly known as "Mallika-e-Tarannum"; b. 1929 in Kasur, Panjab; after partition of India migrated to Lahore, Pakistan; d. 2000)</subfield>
  </datafield>
  <datafield tag="675" ind1=" " ind2=" ">
    <subfield code="a">Suk̲h̲anvar, v. 1, 1979</subfield>
  </datafield>
</record>